% Encoding: UTF-8

@inproceedings{ServiceWeaver2023,
	author    = {Ghemawat, Sanjay and Grandl, Robert and Petrovic, Srdjan and Whittaker, Michael and Patel, Parveen and Posva, Ivan and Vahdat, Amin},
	title     = {{Towards Modern Development of Cloud Applications}},
	year      = {2023},
	isbn      = {9798400701955},
	publisher = {Association for Computing Machinery},
	series    = {HOTOS '23},
	pages     = {110–117},
	doi       = {10.1145/3593856.3595909},
}

@techreport{DistributedComputing1994,
	author    = {Kendall, Samuel C. and Waldo, Jim and Wollrath, Ann and Wyant, Geoff},
	title     = {{A Note on Distributed Computing}},
	year      = {1994},
	publisher = {Sun Microsystems, Inc.},
	doi       = {10.5555/974938},
}

@article{ModularMonolithFintech2023,
	author  = {Barde, Kalpesh},
	title   = {{Modular Monoliths: Revolutionizing Software Architecture for Efficient Payment Systems in Fintech}},
	year    = {2023},
	month   = {09},
	journal = {International Journal of Computer Trends and Technology},
	volume  = {71},
	pages   = {20-27},
	doi     = {10.14445/22312803/IJCTT-V71I10P103},
}

@misc{ModularMonolithTrend2024,
	author ={Ruoyu Su and Xiaozhou Li},
	title = {{Modular Monolith: Is This the Trend in Software Architecture?}},
	year  = {2024},
	doi   = {10.48550/arXiv.2401.11867},
}

@inproceedings{DynamicDeploymentOrchestration2021,
	author    = {Bacchiani, Lorenzo and Bravetti, Mario and Giallorenzo, Saverio and Mauro, Jacopo and Talevi, Iacopo and Zavattaro, Gianluigi},
	title     = {{Microservice Dynamic Architecture-Level Deployment Orchestration}},
	year      = {2021},
	month     = {06},
	publisher = {Springer International Publishing},
	series    = {Coordination Models and Languages},
	volume    = {LNCS-12717},
	pages     = {257-275},
	doi       = {10.1007/978-3-030-78142-2_16},
}

@article{MonolithDecomposition2023,
	author  = {Abgaz, Yalemisew and Mccarren, Andrew and Elger, Peter and Solan, David and Lapuz, Neil and Bivol, Marin and Jackson, Glenn and Yilmaz, Murat and Buckley, Jim and Clarke, Paul},
	title   = {{Decomposition of Monolith Applications Into Microservices Architectures: A Systematic Review}},
	year    = {2023},
	month   = {08},
	journal = {IEEE Transactions on Software Engineering},
	volume  = {PP},
	pages   = {1-32},
	doi     = {10.1109/TSE.2023.3287297},
}

@inproceedings{MonolithModularization2021,
	author    = {Gonçalves, Nuno and Faustino, Diogo and Silva, António Rito and Portela, Manuel},
	title     = {{Monolith Modularization Towards Microservices: Refactoring and Performance Trade-offs}},
	booktitle = {2021 IEEE 18th International Conference on Software Architecture Companion (ICSA-C)},
	year      = {2021},
	pages     = {1-8},
	doi       = {10.1109/ICSA-C52384.2021.00015},
}

@inproceedings{MonolithicMicroserviceWebApplications2015,
	author    = {Villamizar, Mario and Garcés, Oscar and Castro, Harold and Verano, Mauricio and Salamanca, Lorena and Casallas, Rubby and Gil, Santiago},
	title     = {{Evaluating the monolithic and the microservice architecture pattern to deploy web applications in the cloud}},
	booktitle = {2015 10th Computing Colombian Conference (10CCC)},
	year      = {2015},
	pages     = {583-590},
	doi       = {10.1109/ColumbianCC.2015.7333476},
}

@misc{StaticDynamicAnalysis2022,
	author = {Bernardo Andrade and Samuel Santos and António Rito Silva},
	title  = {{From Monolith to Microservices: Static and Dynamic Analysis Comparison}},
	year   = {2022},
	doi    = {10.48550/arXiv.2204.11844},
}

@inbook{MonolithMigration2020,
	author = {Almeida, João and Silva, António},
	title  = {{Monolith Migration Complexity Tuning Through the Application of Microservices Patterns}},
	year   = {2020},
	month  = {09},
	pages  = {39-54},
	doi    = {10.1007/978-3-030-58923-3_3},
}

@inproceedings{ModernizingLegacy2021,
	author    = {Wolfart, Daniele and Assun\c{c}\~{a}o, Wesley K. G. and da Silva, Ivonei F. and Domingos, Diogo C. P. and Schmeing, Ederson and Villaca, Guilherme L. Donin and Paza, Diogo do N.},
	title     = {{Modernizing Legacy Systems with Microservices: A Roadmap}},
	year      = {2021},
	booktitle = {Proceedings of the 25th International Conference on Evaluation and Assessment in Software Engineering},
	pages     = {149–159},
	publisher = {Association for Computing Machinery},
	doi       = {10.1145/3463274.3463334},
}

@inproceedings{SystematicMappingMicroservices2016,
	author    = {Alshuqayran, Nuha and Ali, Nour and Evans, Roger},
	title     = {{A Systematic Mapping Study in Microservice Architecture}},
	booktitle = {2016 IEEE 9th International Conference on Service-Oriented Computing and Applications (SOCA)},
	year      = {2016},
	pages     = {44-51},
	doi       = {10.1109/SOCA.2016.15},
}

@inproceedings{Blueprint2023,
	author    = {Anand, Vaastav and Garg, Deepak and Kaufmann, Antoine and Mace, Jonathan},
	title     = {{Blueprint: A Toolchain for Highly-Reconfigurable Microservice Applications}},
	booktitle = {Proceedings of the 29th Symposium on Operating Systems Principles},
	year      = {2023},
	pages     = {482–497},
	publisher = {Association for Computing Machinery},
	doi       = {10.1145/3600006.3613138},
}
