@article{kitchenham2004,
    title={Procedures for performing systematic reviews},
    author={Kitchenham, Barbara},
    journal={Keele, UK, Keele University},
    volume={33},
    number={2004},
    pages={1--26},
    year={2004}
}
